@book{Trudeau1993,
  title={Introduction to Graph Theory},
  author={Trudeau, R.J.},
  isbn={9780486678702},
  lccn={lc93032996},
  series={Dover Books on Mathematics},
  year={1993},
  publisher={Dover Pub.},
  language = {english},
  shorthand = "Trudeau.R.J.IntroGT-1993кн",
  annotation = "Книга является вводным курсом в теорию графов"
}

@inproceedings{Golenkov2019,
    author = "V. Golenkov and N. Guliakina and I. Davydenko and A. Eremeev",
    title = "Methods and tools for ensuring compatibility of computer systems",
    booktitle ="Open semantic technologies for intelligent systems",
    editor = "V. Golenkov",
    publisher = "BSUIR, Minsk",
    series   = {4},
    year = "2019",
    pages = "25-52",
    language={english},
    hyphenation={english},
    shorthand = "Golenkov.V.V..MethodsTECCS-2019ст",
    annotation = "Работа содержит описание методов и средств обеспечения совместимости компьютерных систем"
}

@book{Golovko2017,
	author = {Головко, В. А. and Краснопрошин, В. В.},
	title = {Нейросетевые технологии обработки данных},
	address = {Минск\space},
	publisher={Издательство БГУ},
	year={2017},
	numpages  = {263},
	isbn={9789855664674},
	language={russian},
	shorthand={Головко.В.А..НейроТехОбрДанных-2017кн},
	annotation={Изложены математические и алгоритмические аспекты функционирования искусственных нейронных сетей}
}

@article{gastelvecchi2016,
    author    = {Davide Castelvecchi},
    title     = {Can we open the black box of AI?},
    journal   = {Nature News},
    volume    = {538},
    number    = {7623},
    year      = {Oct 2016.},
    shorthand = {Castelvecchi.В.AIBlackBox-2016}
}

@Comment{jabref-meta: databaseType:bibtex;}